<?xml version="1.0" encoding="UTF-8"?>
<record xmlns="http://www.loc.gov/MARC21/slim">
   <leader>01373cam a2200289 i 4500</leader>
   <controlfield tag="001">2729618</controlfield>
   <controlfield tag="003">NjP</controlfield>
   <controlfield tag="005">20190705144434.0</controlfield>
   <controlfield tag="008">790623s18891890ua            000 0 arard</controlfield>
   <datafield tag="024" ind1="7" ind2=" ">
      <subfield code="a">princeton_aco004655</subfield>
      <subfield code="2">local</subfield>
   </datafield>
   <datafield ind1=" " ind2=" " tag="040">
      <subfield code="a">CLU</subfield>
      <subfield code="c">PUL</subfield>
      <subfield code="d">PUL</subfield>
   </datafield>
   <datafield ind1=" " ind2=" " tag="035">
      <subfield code="9">CNB5276TS</subfield>
   </datafield>
   <datafield ind1=" " ind2=" " tag="035">
      <subfield code="a">(NjP)2729618</subfield>
   </datafield>
   <datafield ind1=" " ind2=" " tag="049">
      <subfield code="a">PULL</subfield>
   </datafield>
   <datafield ind1=" " ind2=" " tag="035">
      <subfield code="a">(OCoLC)ocm05098122</subfield>
   </datafield>
   <datafield ind1="1" ind2=" " tag="100">
      <subfield code="6">880-01</subfield>
      <subfield code="a">Rāzī, Fakhr al-Dīn Muḥammad ibn ʻUmar,</subfield>
      <subfield code="d">1149 or 1150-1210.</subfield>
      <subfield code="0">http://id.loc.gov/authorities/names/n81070765</subfield>
   </datafield>
   <datafield ind1="1" ind2="0" tag="245">
      <subfield code="6">880-02</subfield>
      <subfield code="a">Mafātiḥ al-ghayb al-mushtahir bi-al-Tafsīr al-kabīr /</subfield>
      <subfield code="c">lil-Imām Muḥammad al-Rāzī Fakhr al-Dīn ibn al-Ḍiyāʼ al-Dīn ʻUmar al-mushtahir bi-Khaṭīb al-Rayy.</subfield>
   </datafield>
   <datafield ind1=" " ind2=" " tag="260">
      <subfield code="6">880-03</subfield>
      <subfield code="a">Cairo :</subfield>
      <subfield code="b">al-Matbaʻah al-Khayrīyah,</subfield>
      <subfield code="c">1307-8 [1889-90]</subfield>
   </datafield>
   <datafield ind1=" " ind2=" " tag="300">
      <subfield code="a">8 v. ;</subfield>
      <subfield code="c">29 cm.</subfield>
   </datafield>
   <datafield ind1="0" ind2="0" tag="630">
      <subfield code="a">Qurʼan</subfield>
      <subfield code="v">Commentaries.</subfield>
   </datafield>
   <datafield ind1="0" ind2=" " tag="740">
      <subfield code="6">880-04</subfield>
      <subfield code="a">Tafsīr al-kabīr.</subfield>
   </datafield>
   <datafield ind1="1" ind2=" " tag="880">
      <subfield code="6">100-01/r</subfield>
      <subfield code="a">رازي، فخر الدين محمد بن عمر،</subfield>
      <subfield code="d">1149 or 1150-1210.</subfield>
   </datafield>
   <datafield ind1="1" ind2="0" tag="880">
      <subfield code="6">245-02/r</subfield>
      <subfield code="a">مفاتح الغيب المشتهر بالتفسير الكبير /</subfield>
      <subfield code="c">للامام محمد الرازي فخر الدين بن الضياء الدين عمر المشتهر بخطيب الري.</subfield>
   </datafield>
   <datafield ind1=" " ind2=" " tag="880">
      <subfield code="6">260-03/r</subfield>
      <subfield code="a">Cairo :</subfield>
      <subfield code="b">المتبعة الخيرية،</subfield>
      <subfield code="c">1307-8 [1889-90]</subfield>
   </datafield>
   <datafield ind1="0" ind2=" " tag="880">
      <subfield code="6">740-04/r</subfield>
      <subfield code="a">تفسير الكبير.</subfield>
   </datafield>
   <datafield ind1=" " ind2=" " tag="911">
      <subfield code="a">20000130</subfield>
   </datafield>
   <datafield ind1=" " ind2=" " tag="994">
      <subfield code="a">C0</subfield>
      <subfield code="b">PUL</subfield>
   </datafield>
   <datafield ind1=" " ind2=" " tag="999">
      <subfield code="a">2729618</subfield>
   </datafield>
   <datafield ind1=" " ind2=" " tag="979">
      <subfield code="a">(OCoLC)ocn177907917</subfield>
   </datafield>
   <datafield ind1="8" ind2="1" tag="852">
      <subfield code="0">3040089</subfield>
      <subfield code="b">rcppa</subfield>
      <subfield code="t">1</subfield>
      <subfield code="h">2273.879.2.1889</subfield>
      <subfield code="x">tr fr f</subfield>
   </datafield>
   <datafield ind1=" " ind2="0" tag="866">
      <subfield code="0">3040089</subfield>
      <subfield code="8">0</subfield>
      <subfield code="a">v.1-8</subfield>
   </datafield>
   <datafield ind1=" " ind2=" " tag="959">
      <subfield code="a">2003-03-24 09:58:23 -0500</subfield>
   </datafield>
</record>
